<?xml version="1.0" encoding="UTF-8"?><collection xmlns="http://www.loc.gov/MARC21/slim"><record><leader>00443nam--2200157-i-4500</leader><controlfield tag="001">000036724</controlfield><controlfield tag="002">20161230</controlfield><controlfield tag="005">20161230201041</controlfield><controlfield tag="008">060222s1000------------r-----000-0-eng-d</controlfield><datafield ind1=" " ind2=" " tag="080"><subfield code="a">517.518.25(043)</subfield></datafield><datafield ind1=" " ind2=" " tag="100"><subfield code="a">Plesniak, W</subfield></datafield><datafield ind1=" " ind2=" " tag="245"><subfield code="a">Quasianalytical functions in the sense of bernstein</subfield></datafield><datafield ind1=" " ind2=" " tag="260"><subfield code="a">Warszawa, Wydawnictwo Naukowe, 1977, 70p</subfield></datafield><datafield ind1=" " ind2=" " tag="490"><subfield code="a">Dissert.Mathematicae</subfield><subfield code="v">Vol. CXLVII</subfield></datafield><datafield ind1=" " ind2=" " tag="852"><subfield code="a">7385</subfield></datafield><datafield ind1=" " ind2=" " tag="CAT"><subfield code="a">Sys</subfield><subfield code="c">20080327</subfield><subfield code="h">091838</subfield></datafield></record></collection>